@article{gustafsson2016fast,
  title={Fast live-cell conventional fluorophore nanoscopy with ImageJ through super-resolution radial fluctuations},
  author={Gustafsson, Nils and Culley, Si{\^a}n and Ashdown, George and Owen, Dylan M and Pereira, Pedro Matos and Henriques, Ricardo},
  journal={Nature communications},
  volume={7},
  pages={12471},
  year={2016},
  publisher={Nature Publishing Group}
}

@article{culley2018quantitative,
  title={Quantitative mapping and minimization of super-resolution optical imaging artifacts},
  author={Culley, Si{\^a}n and Albrecht, David and Jacobs, Caron and Pereira, Pedro Matos and Leterrier, Christophe and Mercer, Jason and Henriques, Ricardo},
  journal={Nature methods},
  volume={15},
  number={4},
  pages={263},
  year={2018},
  publisher={Nature Publishing Group}
}

@article{culley2018srrf,
  title={SRRF: Universal Live-cell Super-Resolution Microscopy},
  author={Culley, Si{\^a}n and Tosheva, Kalina L and Pereira, Pedro Matos and Henriques, Ricardo},
  journal={The international journal of biochemistry \& cell biology},
  year={2018},
  publisher={Elsevier}
}

@article{almada2018automating,
  title={Automating multimodal microscopy with NanoJ-Fluidics},
  author={Almada, Pedro and Pereira, Pedro and Culley, Si{\^a}n and Caillol, Ghislaine and Boroni-Rueda, Fanny and Dix, Christina L and Laine, Romain F and Charras, Guillaume and Baum, Buzz and Leterrier, Christophe and others},
  journal={bioRxiv},
  pages={320416},
  year={2018},
  publisher={Cold Spring Harbor Laboratory}
}

@article{rust2006sub,
  title={Sub-diffraction-limit imaging by stochastic optical reconstruction microscopy (STORM)},
  author={Rust, Michael J and Bates, Mark and Zhuang, Xiaowei},
  journal={Nature methods},
  volume={3},
  number={10},
  pages={793},
  year={2006},
  publisher={Nature Publishing Group}
}

@article{heilemann2008subdiffraction,
  title={Subdiffraction-resolution fluorescence imaging with conventional fluorescent probes},
  author={Heilemann, Mike and Van De Linde, Sebastian and Sch{\"u}ttpelz, Mark and Kasper, Robert and Seefeldt, Britta and Mukherjee, Anindita and Tinnefeld, Philip and Sauer, Markus},
  journal={Angewandte Chemie International Edition},
  volume={47},
  number={33},
  pages={6172--6176},
  year={2008},
  publisher={Wiley Online Library}
}

@article{sharonov2006wide,
  title={Wide-field subdiffraction imaging by accumulated binding of diffusing probes},
  author={Sharonov, Alexey and Hochstrasser, Robin M},
  journal={Proceedings of the National Academy of Sciences},
  volume={103},
  number={50},
  pages={18911--18916},
  year={2006},
  publisher={National Acad Sciences}
}

@article{jungmann2014multiplexed,
  title={Multiplexed 3D cellular super-resolution imaging with DNA-PAINT and Exchange-PAINT},
  author={Jungmann, Ralf and Avenda{\~n}o, Maier S and Woehrstein, Johannes B and Dai, Mingjie and Shih, William M and Yin, Peng},
  journal={Nature methods},
  volume={11},
  number={3},
  pages={313},
  year={2014},
  publisher={Nature Publishing Group}
}

@article{edelstein2010computer,
  title={Computer control of microscopes using $\mu$Manager},
  author={Edelstein, Arthur and Amodaj, Nenad and Hoover, Karl and Vale, Ron and Stuurman, Nico},
  journal={Current protocols in molecular biology},
  volume={92},
  number={1},
  pages={14--20},
  year={2010},
  publisher={Wiley Online Library}
}

@article{burgert2015artifacts,
  title={Artifacts in single-molecule localization microscopy},
  author={Burgert, Anne and Letschert, Sebastian and Doose, S{\"o}ren and Sauer, Markus},
  journal={Histochemistry and cell biology},
  volume={144},
  number={2},
  pages={123--131},
  year={2015},
  publisher={Springer}
}

@article{gray2018nanoscale,
  title={Nanoscale Polarization of the Vaccinia Virus Entry Fusion Complex Drives Efficient Fusion},
  author={Gray, Robert and Albrecht, David and Beerli, Corina and Cohen, Gary and Henriques, Ricardo and Mercer, Jason},
  journal={bioRxiv},
  pages={360073},
  year={2018},
  publisher={Cold Spring Harbor Laboratory}
}

@article{abramoff2004image,
  title={Image processing with ImageJ},
  author={Abr{\`a}moff, Michael D and Magalh{\~a}es, Paulo J and Ram, Sunanda J},
  journal={Biophotonics international},
  volume={11},
  number={7},
  pages={36--42},
  year={2004},
  publisher={Laurin Publishing}
}

@article{schindelin2012fiji,
  title={Fiji: an open-source platform for biological-image analysis},
  author={Schindelin, Johannes and Arganda-Carreras, Ignacio and Frise, Erwin and Kaynig, Verena and Longair, Mark and Pietzsch, Tobias and Preibisch, Stephan and Rueden, Curtis and Saalfeld, Stephan and Schmid, Benjamin and others},
  journal={Nature methods},
  volume={9},
  number={7},
  pages={676},
  year={2012},
  publisher={Nature Publishing Group}
}

@article{mlodzianoski2011sample,
  title={Sample drift correction in 3D fluorescence photoactivation localization microscopy},
  author={Mlodzianoski, Michael J and Schreiner, John M and Callahan, Steven P and Smolkov{\'a}, Katarina and Dlaskov{\'a}, Andrea and {\v{S}}antorov{\'a}, Jitka and Je{\v{z}}ek, Petr and Bewersdorf, Joerg},
  journal={Optics express},
  volume={19},
  number={16},
  pages={15009--15019},
  year={2011},
  publisher={Optical Society of America}
}

@article{ovesny2014thunderstorm,
  title={ThunderSTORM: a comprehensive ImageJ plug-in for PALM and STORM data analysis and super-resolution imaging},
  author={Ovesn{\`y}, Martin and K{\v{r}}{\'\i}{\v{z}}ek, Pavel and Borkovec, Josef and {\v{S}}vindrych, Zden{\v{e}}k and Hagen, Guy M},
  journal={Bioinformatics},
  volume={30},
  number={16},
  pages={2389--2390},
  year={2014},
  publisher={Oxford University Press}
}

@article{dertinger2009fast,
  title={Fast, background-free, 3D super-resolution optical fluctuation imaging (SOFI)},
  author={Dertinger, Thomas and Colyer, Ryan and Iyer, Gopal and Weiss, Shimon and Enderlein, J{\"o}rg},
  journal={Proceedings of the National Academy of Sciences},
  volume={106},
  number={52},
  pages={22287--22292},
  year={2009},
  publisher={National Acad Sciences}
}

@article{betzig2006imaging,
  title={Imaging intracellular fluorescent proteins at nanometer resolution},
  author={Betzig, Eric and Patterson, George H and Sougrat, Rachid and Lindwasser, O Wolf and Olenych, Scott and Bonifacino, Juan S and Davidson, Michael W and Lippincott-Schwartz, Jennifer and Hess, Harald F},
  journal={Science},
  volume={313},
  number={5793},
  pages={1642--1645},
  year={2006},
  publisher={American Association for the Advancement of Science}
}

@article{rust2006sub,
  title={Sub-diffraction-limit imaging by stochastic optical reconstruction microscopy (STORM)},
  author={Rust, Michael J and Bates, Mark and Zhuang, Xiaowei},
  journal={Nature methods},
  volume={3},
  number={10},
  pages={793},
  year={2006},
  publisher={Nature Publishing Group}
}

@article{cox2012bayesian,
  title={Bayesian localization microscopy reveals nanoscale podosome dynamics},
  author={Cox, Susan and Rosten, Edward and Monypenny, James and Jovanovic-Talisman, Tijana and Burnette, Dylan T and Lippincott-Schwartz, Jennifer and Jones, Gareth E and Heintzmann, Rainer},
  journal={Nature methods},
  volume={9},
  number={2},
  pages={195},
  year={2012},
  publisher={Nature Publishing Group}
}

@article{erdelyi2013correcting,
  title={Correcting chromatic offset in multicolor super-resolution localization microscopy},
  author={Erdelyi, Miklos and Rees, Eric and Metcalf, Daniel and Schierle, Gabriele S Kaminski and Dudas, Laszlo and Sinko, Jozsef and Knight, Alex E and Kaminski, Clemens F},
  journal={Optics express},
  volume={21},
  number={9},
  pages={10978--10988},
  year={2013},
  publisher={Optical Society of America}
}

@article{blaysat2016effect,
  title={Effect of interpolation on noise propagation from images to DIC displacement maps},
  author={Blaysat, Beno{\^\i}t and Grediac, Michel and Sur, Fr{\'e}d{\'e}ric},
  journal={International Journal for Numerical Methods in Engineering},
  volume={108},
  number={3},
  pages={213--232},
  year={2016},
  publisher={Wiley Online Library}
}

@article{bock2007two,
  title={Two-color far-field fluorescence nanoscopy based on photoswitchable emitters},
  author={Bock, Hannes and Geisler, Claudia and Wurm, Christian A and Von Middendorff, C and Jakobs, S and Sch{\"o}nle, A and Egner, A and Hell, SW and Eggeling, C},
  journal={Applied Physics B},
  volume={88},
  number={2},
  pages={161--165},
  year={2007},
  publisher={Springer}
}

@article{van2009multicolor,
  title={Multicolor photoswitching microscopy for subdiffraction-resolution fluorescence imaging},
  author={van de Linde, Sebastian and Endesfelder, Ulrike and Mukherjee, Anindita and Sch{\"u}ttpelz, Mark and Wiebusch, Gerd and Wolter, Steve and Heilemann, Mike and Sauer, Markus},
  journal={Photochemical \& Photobiological Sciences},
  volume={8},
  number={4},
  pages={465--469},
  year={2009},
  publisher={Royal Society of Chemistry}
}

@inproceedings{shepard1968two,
  title={A two-dimensional interpolation function for irregularly-spaced data},
  author={Shepard, Donald},
  booktitle={Proceedings of the 1968 23rd ACM national conference},
  pages={517--524},
  year={1968},
  organization={ACM}
}

@article{schermelleh2015simcheck,
  title={SIMcheck: a toolbox for successful super-resolution SIM imaging},
  author={Schermelleh, L and Ball, G and Demmerle, J and Kaufmann, R and Davis, I and Dobbie, IM},
  journal={Scientific Reports},
  pages={1--11},
  year={2015},
  publisher={Nature Publishing Group: Open Access Journals-Option C}
}

@inproceedings{arganda2006consistent,
  title={Consistent and elastic registration of histological sections using vector-spline regularization},
  author={Arganda-Carreras, Ignacio and Sorzano, Carlos OS and Marabini, Roberto and Carazo, Jos{\'e} Mar{\'\i}a and Ortiz-de-Solorzano, Carlos and Kybic, Jan},
  booktitle={International Workshop on Computer Vision Approaches to Medical Image Analysis},
  pages={85--95},
  year={2006},
  organization={Springer}
}

@article{annibale2012identification,
  title={Identification of the factors affecting co-localization precision for quantitative multicolor localization microscopy},
  author={Annibale, Paolo and Scarselli, Marco and Greco, Mattia and Radenovic, Aleksandra},
  journal={Optical Nanoscopy},
  volume={1},
  number={1},
  pages={9},
  year={2012},
  publisher={Springer}
}

@article{malkusch2016extracting,
  title={Extracting quantitative information from single-molecule super-resolution imaging data with LAMA--LocAlization Microscopy Analyzer},
  author={Malkusch, Sebastian and Heilemann, Mike},
  journal={Scientific reports},
  volume={6},
  pages={34486},
  year={2016},
  publisher={Nature Publishing Group}
}

@article{henriques2011palm,
  title={PALM and STORM: Unlocking live-cell super-resolution},
  author={Henriques, Ricardo and Griffiths, Caron and Rego, E Hesper and Mhlanga, Musa M},
  journal={Biopolymers},
  volume={95},
  number={5},
  pages={322--331},
  year={2011},
  publisher={Wiley Online Library}
}

@article{waldchen2015light,
  title={Light-induced cell damage in live-cell super-resolution microscopy},
  author={W{\"a}ldchen, Sina and Lehmann, Julian and Klein, Teresa and Van De Linde, Sebastian and Sauer, Markus},
  journal={Scientific reports},
  volume={5},
  pages={15348},
  year={2015},
  publisher={Nature Publishing Group}
}

@article{gustafsson2000surpassing,
  title={Surpassing the lateral resolution limit by a factor of two using structured illumination microscopy},
  author={Gustafsson, Mats GL},
  journal={Journal of microscopy},
  volume={198},
  number={2},
  pages={82--87},
  year={2000},
  publisher={Wiley Online Library}
}

@article{hell1994breaking,
  title={Breaking the diffraction resolution limit by stimulated emission: stimulated-emission-depletion fluorescence microscopy},
  author={Hell, Stefan W and Wichmann, Jan},
  journal={Optics letters},
  volume={19},
  number={11},
  pages={780--782},
  year={1994},
  publisher={Optical Society of America}
}

@article{dempsey2011evaluation,
  title={Evaluation of fluorophores for optimal performance in localization-based super-resolution imaging},
  author={Dempsey, Graham T and Vaughan, Joshua C and Chen, Kok Hao and Bates, Mark and Zhuang, Xiaowei},
  journal={Nature methods},
  volume={8},
  number={12},
  pages={1027},
  year={2011},
  publisher={Nature Publishing Group}
}

@article{henriques2009palm,
  title={PALM and STORM: What hides beyond the Rayleigh limit?},
  author={Henriques, Ricardo and Mhlanga, Musa M},
  journal={Biotechnology Journal: Healthcare Nutrition Technology},
  volume={4},
  number={6},
  pages={846--857},
  year={2009},
  publisher={Wiley Online Library}
}

@book{pawley2010handbook,
  title={Handbook of biological confocal microscopy},
  author={Pawley, James},
  year={2010},
  publisher={Springer Science \& Business Media}
}

@book{wheeler2017standard,
  title={Standard and Super-resolution Bioimaging Data Analysis: A Primer},
  author={Wheeler, Ann and Henriques, Ricardo},
  year={2017},
  publisher={John Wiley \& Sons}
}

@article{dempsey2011evaluation,
  title={Evaluation of fluorophores for optimal performance in localization-based super-resolution imaging},
  author={Dempsey, Graham T and Vaughan, Joshua C and Chen, Kok Hao and Bates, Mark and Zhuang, Xiaowei},
  journal={Nature methods},
  volume={8},
  number={12},
  pages={1027},
  year={2011},
  publisher={Nature Publishing Group}
}

@article{jungmann2014multiplexed,
  title={Multiplexed 3D cellular super-resolution imaging with DNA-PAINT and Exchange-PAINT},
  author={Jungmann, Ralf and Avenda{\~n}o, Maier S and Woehrstein, Johannes B and Dai, Mingjie and Shih, William M and Yin, Peng},
  journal={Nature methods},
  volume={11},
  number={3},
  pages={313},
  year={2014},
  publisher={Nature Publishing Group}
}

@article{verdier2017single,
  title={Single particle maximum likelihood reconstruction from superresolution microscopy images},
  author={Verdier, Timoth{\'e}e and Gunzenhauser, Julia and Manley, Suliana and Castelnovo, Martin},
  journal={PloS one},
  volume={12},
  number={3},
  pages={e0172943},
  year={2017},
  publisher={Public Library of Science}
}

@article{szymborska2013nuclear,
  title={Nuclear pore scaffold structure analyzed by super-resolution microscopy and particle averaging},
  author={Szymborska, Anna and de Marco, Alex and Daigle, Nathalie and Cordes, Volker C and Briggs, John AG and Ellenberg, Jan},
  journal={Science},
  volume={341},
  number={6146},
  pages={655--658},
  year={2013},
  publisher={American Association for the Advancement of Science}
}

@article{gray2017open,
  title={Open-source Single-particle Analysis for Super-resolution Microscopy with VirusMapper},
  author={Gray, Robert DM and Mercer, Jason and Henriques, Ricardo},
  journal={Journal of visualized experiments: JoVE},
  number={122},
  year={2017},
  publisher={MyJoVE Corporation}
}

@article{gray2016virusmapper,
  title={VirusMapper: open-source nanoscale mapping of viral architecture through super-resolution microscopy},
  author={Gray, Robert DM and Beerli, Corina and Pereira, Pedro Matos and Scherer, Kathrin Maria and Samolej, Jerzy and Bleck, Christopher Karl Ernst and Mercer, Jason and Henriques, Ricardo},
  journal={Scientific Reports},
  volume={6},
  pages={29132},
  year={2016},
  publisher={Nature Publishing Group}
}

@article{laine2015structural,
author = {Laine, Romain F and Albecka, Anna and van de Linde, Sebastian and Rees, Eric J and Crump, Colin M and Kaminski, Clemens F},
doi = {10.1038/ncomms6980},
isbn = {doi:10.1038/ncomms6980},
issn = {2041-1723},
journal = {Nat. Commun.},
language = {en},
month = {jan},
pages = {5980},
pmid = {25609143},
publisher = {Nature Publishing Group},
title = {{Structural analysis of herpes simplex virus by optical super-resolution imaging.}},
url = {http://www.nature.com/ncomms/2015/150122/ncomms6980/full/ncomms6980.html{\#}results},
volume = {6},
year = {2015}
}

@article{schmidt2013vaccinia,
author = {Schmidt, Florian Ingo and Bleck, Christopher Karl Ernst and Reh, Lucia and Novy, Karel and Wollscheid, Bernd and Helenius, Ari and Stahlberg, Henning and Mercer, Jason},
doi = {10.1016/j.celrep.2013.06.028},
issn = {2211-1247},
journal = {Cell Rep.},
month = {aug},
number = {3},
pages = {464--76},
pmid = {23891003},
title = {{Vaccinia virus entry is followed by core activation and proteasome-mediated release of the immunomodulatory effector VH1 from lateral bodies.}},
url = {http://www.ncbi.nlm.nih.gov/pubmed/23891003},
volume = {4},
year = {2013}
}


@article{niekamp2017high,
  title={High accuracy measurements of nanometer-scale distances between fluorophores at the single-molecule level},
  author={Niekamp, Stefan and Sung, Jongmin and Huynh, Walter and Vale, Ronald D and Stuurman, Nico},
  journal={bioRxiv},
  pages={234740},
  year={2017},
  publisher={Cold Spring Harbor Laboratory}
}

@article{nieuwenhuizen2013measuring,
  title={Measuring image resolution in optical nanoscopy},
  author={Nieuwenhuizen, Robert PJ and Lidke, Keith A and Bates, Mark and Puig, Daniela Leyton and Gr{\"u}nwald, David and Stallinga, Sjoerd and Rieger, Bernd},
  journal={Nature methods},
  volume={10},
  number={6},
  pages={557},
  year={2013},
  publisher={Nature Publishing Group}
}

@article{burkel2007versatile,
  title={Versatile fluorescent probes for actin filaments based on the actin-binding domain of utrophin},
  author={Burkel, Brian M and Von Dassow, George and Bement, William M},
  journal={Cell motility and the cytoskeleton},
  volume={64},
  number={11},
  pages={822--832},
  year={2007},
  publisher={Wiley Online Library}
}

@article{sage2018super,
  title={Super-resolution fight club: A broad assessment of 2D \& 3D single-molecule localization microscopy software},
  author={Sage, Daniel and Pham, Thanh-An and Babcock, Hazen and Lukes, Tomas and Pengo, Thomas and Chao, Jerry and Velmurugan, Ramraj and Herbert, Alex and Agrawal, Anurag and Colabrese, Silvia and others},
  journal={bioRxiv},
  pages={362517},
  year={2018},
  publisher={Cold Spring Harbor Laboratory}
}

@article{dix2018role,
  title={The Role of Mitotic Cell-Substrate Adhesion Re-modeling in Animal Cell Division},
  author={Dix, Christina L and Matthews, Helen K and Uroz, Marina and McLaren, Susannah and Wolf, Lucie and Heatley, Nicholas and Win, Zaw and Almada, Pedro and Henriques, Ricardo and Boutros, Michael and others},
  journal={Developmental cell},
  volume={45},
  number={1},
  pages={132--145},
  year={2018},
  publisher={Cell Press}
}

@article{weigert2017content,
  title={Content-aware image restoration: pushing the limits of fluorescence microscopy},
  author={Weigert, Martin and Schmidt, Uwe and Boothe, Tobias and Andreas, M and Dibrov, Alexander and Jain, Akanksha and Wilhelm, Benjamin and Schmidt, Deborah and Broaddus, Coleman and Culley, Si{\^a}n and others},
  journal={bioRxiv},
  pages={236463},
  year={2017},
  publisher={Cold Spring Harbor Laboratory}
}

@incollection{pereira2015high,
  title={High-content 3D multicolor super-resolution localization microscopy},
  author={Pereira, Pedro M and Almada, Pedro and Henriques, Ricardo},
  booktitle={Methods in cell biology},
  volume={125},
  pages={95--117},
  year={2015},
  publisher={Academic Press}
}

@article{almada2015palm,
  title={PALM and STORM: Into large fields and high-throughput microscopy with sCMOS detectors},
  author={Almada, Pedro and Culley, Si{\^a}n and Henriques, Ricardo},
  journal={Methods},
  volume={88},
  pages={109--121},
  year={2015},
  publisher={Academic Press}
}

@article{lelek2012superresolution,
  title={Superresolution imaging of HIV in infected cells with FlAsH-PALM},
  author={Lelek, Micka{\"e}l and Di Nunzio, Francesca and Henriques, Ricardo and Charneau, Pierre and Arhel, Nathalie and Zimmer, Christophe},
  journal={Proceedings of the National Academy of Sciences},
  volume={109},
  number={22},
  pages={8564--8569},
  year={2012},
  publisher={National Acad Sciences}
}

@article{henriques2010quickpalm,
  title={QuickPALM: 3D real-time photoactivation nanoscopy image processing in ImageJ},
  author={Henriques, Ricardo and Lelek, Mickael and Fornasiero, Eugenio F and Valtorta, Flavia and Zimmer, Christophe and Mhlanga, Musa M},
  journal={Nature methods},
  volume={7},
  number={5},
  pages={339},
  year={2010},
  publisher={Nature Publishing Group}
}

@article{rino2009frontiers,
  title={Frontiers in fluorescence microscopy},
  author={Rino, Jos{\'e} and Braga, Jos{\'e} and Henriques, Ricardo and Carmo-Fonseca, Maria},
  journal={International Journal of Developmental Biology},
  volume={53},
  number={8-9-10},
  pages={1569--1579},
  year={2009},
  publisher={UPV/EHU Press}
}

@article{herbert2012single,
  title={Single-molecule localization super-resolution microscopy: deeper and faster},
  author={Herbert, S{\'e}bastien and Soares, Helena and Zimmer, Christophe and Henriques, Ricardo},
  journal={Microscopy and microanalysis},
  volume={18},
  number={6},
  pages={1419--1429},
  year={2012},
  publisher={Cambridge University Press}
}

@article{beghin2017localization,
  title={Localization-based super-resolution imaging meets high-content screening},
  author={Beghin, Anne and Kechkar, Adel and Butler, Corey and Levet, Florian and Cabillic, Marine and Rossier, Olivier and Giannone, Gregory and Galland, R{\'e}mi and Choquet, Daniel and Sibarita, Jean-Baptiste},
  journal={nAture methods},
  volume={14},
  number={12},
  pages={1184},
  year={2017},
  publisher={Nature Publishing Group}
}

@article{douglass2016super,
  title={Super-resolution imaging of multiple cells by optimized flat-field epi-illumination},
  author={Douglass, Kyle M and Sieben, Christian and Archetti, Anna and Lambert, Ambroise and Manley, Suliana},
  journal={Nature photonics},
  volume={10},
  number={11},
  pages={705},
  year={2016},
  publisher={Nature Publishing Group}
}

@article{laine2018milesim,
  title={MiLeSIM: combining super-resolution and machine learning permits high-throughput virus structure analysis},
  author={Laine, Romain F and Goodfellow, Gemma and Young, Laurence J and Travers, Jon and Carroll, Danielle and Dibben, Oliver and Bright, Helen and Kaminski, Clemens F},
  journal={bioRxiv},
  pages={266551},
  year={2018},
  publisher={Cold Spring Harbor Laboratory}
}

@article{demmerle2017strategic,
  title={Strategic and practical guidelines for successful structured illumination microscopy},
  author={Demmerle, Justin and Innocent, Cassandravictoria and North, Alison J and Ball, Graeme and M{\"u}ller, Marcel and Miron, Ezequiel and Matsuda, Atsushi and Dobbie, Ian M and Markaki, Yolanda and Schermelleh, Lothar},
  journal={Nature protocols},
  volume={12},
  number={5},
  pages={988},
  year={2017},
  publisher={Nature Publishing Group}
}

@article{moss2013poxviridae,
  title={Poxviridae, p 2129--2159},
  author={Moss, B},
  journal={Fields virology,},
  volume={2},
  year={2013}
}

@article{albrecht2015dual,
  title={Dual color single particle tracking via nanobodies},
  author={Albrecht, David and Winterflood, Christian M and Ewers, Helge},
  journal={Methods and applications in fluorescence},
  volume={3},
  number={2},
  pages={024001},
  year={2015},
  publisher={IOP Publishing}
}

@article{lindaas2008unique,
  title={A unique cell division machinery in the Archaea},
  author={Lind{\aa}s, Ann-Christin and Karlsson, Erik A and Lindgren, Maria T and Ettema, Thijs JG and Bernander, Rolf},
  journal={Proceedings of the National Academy of Sciences},
  volume={105},
  number={48},
  pages={18942--18946},
  year={2008},
  publisher={National Acad Sciences}
}

@article{schmidt2011vaccinia,
  title={Vaccinia extracellular virions enter cells by macropinocytosis and acid-activated membrane rupture},
  author={Schmidt, Florian Ingo and Bleck, Christopher Karl Ernst and Helenius, Ari and Mercer, Jason},
  journal={The EMBO journal},
  volume={30},
  number={17},
  pages={3647--3661},
  year={2011},
  publisher={EMBO Press}
}

@article{sieben2018multicolor,
  title={Multicolor single-particle reconstruction of protein complexes},
  author={Sieben, Christian and Banterle, Niccol\`{o} and Douglass, Kyle M. and G\"{o}nczy, Pierre and Manley, Suliana},
  journal={Nature methods},
  volume={15},
  number={10},
  pages={777--780},
  year={2018},
  publisher={Nature Publishing Group}
}
